@misc{cryptoluxLC14,
  title={Lightweight Cryptography Lounge},
  url={http://cryptolux.org/index.php/Lightweight_Cryptography},
  author={Biryukov, Alex and Perrin, L\'{e}o Paul},
  year=2015
}

@booklet{SALSC2017,
  title={State of the Art in Lightweight Symmetric Cryptography},
  author={Biryukov, Alex and Perrin, L\'{e}o Paul},
  year=2017,
  url=http://hdl.handle.net/10993/31319,
}

@inproceedings{Thomsen:2015:IPR:2897336.2897345,
 author = {Thomsen, Michael Kirkedal and Axelsen, Holger Bock},
 title = {Interpretation and Programming of the Reversible Functional Language RFUN},
 booktitle = {Proceedings of the 27th Symposium on the Implementation and Application of Functional Programming Languages},
 series = {IFL '15},
 year = {2015},
 isbn = {978-1-4503-4273-5},
 location = {Koblenz, Germany},
 pages = {8:1--8:13},
 articleno = {8},
 numpages = {13},
 url = {http://doi.acm.org/10.1145/2897336.2897345},
 doi = {10.1145/2897336.2897345},
 acmid = {2897345},
 publisher = {ACM},
 address = {New York, NY, USA},
 keywords = {functional programming languages, program transformation, reversibilization, reversible computing, reversible functional programming, self-interpretation},
} 

@inproceedings{Yokoyama:2007:RPL:1244381.1244404,
 author = {Yokoyama, Tetsuo and Gl\"{u}ck, Robert},
 title = {A Reversible Programming Language and Its Invertible Self-interpreter},
 booktitle = {Proceedings of the 2007 ACM SIGPLAN Symposium on Partial Evaluation and Semantics-based Program Manipulation},
 series = {PEPM '07},
 year = {2007},
 isbn = {978-1-59593-620-2},
 location = {Nice, France},
 pages = {144--153},
 numpages = {10},
 url = {http://doi.acm.org/10.1145/1244381.1244404},
 doi = {10.1145/1244381.1244404},
 acmid = {1244404},
 publisher = {ACM},
 address = {New York, NY, USA},
 keywords = {Janus, non-standard interpreter hierarchy, program inversion, reversible computing, reversible programming language, self-interpreter},
}

@InProceedings{10.1007/978-3-319-26529-2_22,
author="Axelsen, Holger Bock
and Yokoyama, Tetsuo",
editor="Feng, Xinyu
and Park, Sungwoo",
title="Programming Techniques for Reversible Comparison Sorts",
booktitle="Programming Languages and Systems",
year="2015",
publisher="Springer International Publishing",
address="Cham",
pages="407--426",
abstract="A common approach to reversible programming is to reversibly simulate an irreversible program with the desired functionality, which in general puts additional pressure on the computational resources (time, space.) If the same running time is required, ensuring a minimal space overhead is a significant programming challenge.",
isbn="978-3-319-26529-2"
}


